<?xml version="1.0" encoding="UTF-8"?><record xmlns="http://www.loc.gov/MARC21/slim" xmlns:cinclude="http://apache.org/cocoon/include/1.0" xmlns:zs="http://www.loc.gov/zing/srw/">
  <leader>00452nz  a2200145n  4500</leader>
  <controlfield tag="001">no2010061590</controlfield>
  <controlfield tag="003">DLC</controlfield>
  <controlfield tag="005">20100415120246.0</controlfield>
  <controlfield tag="008">100413n| acannaabn          |n aaa     c</controlfield>
  <datafield tag="010" ind1=" " ind2=" ">
    <subfield code="a">no2010061590</subfield>
  </datafield>
  <datafield tag="035" ind1=" " ind2=" ">
    <subfield code="a">(OCoLC)oca08459788</subfield>
  </datafield>
  <datafield tag="040" ind1=" " ind2=" ">
    <subfield code="a">NcD</subfield>
    <subfield code="b">eng</subfield>
    <subfield code="c">NcD</subfield>
  </datafield>
  <datafield tag="100" ind1="1" ind2=" ">
    <subfield code="a">Hood, David,</subfield>
    <subfield code="d">1960-</subfield>
  </datafield>
  <datafield tag="670" ind1=" " ind2=" ">
    <subfield code="a">Down but not out, c2010:</subfield>
    <subfield code="b">t.p. (David Hood) back cover (doctoral degree in Canadian history)</subfield>
  </datafield>
  <datafield tag="670" ind1=" " ind2=" ">
    <subfield code="a">OCLC, April 13, 2009</subfield>
    <subfield code="b">(hdg: Hood, David, 1960-)</subfield>
  </datafield>
</record>